<record><leader>00000cas a2200000 a 4500</leader><controlfield tag="001">26386167</controlfield><controlfield tag="008">920813d19121931nyudn ne      0    0eng c</controlfield><datafield ind1=" " ind2=" " tag="010"><subfield code="a">sn 92061886 </subfield></datafield><datafield ind1=" " ind2=" " tag="040"><subfield code="a">NYS</subfield><subfield code="b">eng</subfield><subfield code="c">NYS</subfield><subfield code="d">OCLCQ</subfield><subfield code="d">OCLCF</subfield><subfield code="d">OCLCO</subfield></datafield><datafield ind1="1" ind2=" " tag="029"><subfield code="a">AU@</subfield><subfield code="b">000020704724</subfield></datafield><datafield ind1=" " ind2=" " tag="042"><subfield code="a">pcc</subfield></datafield><datafield ind1=" " ind2=" " tag="043"><subfield code="a">n-us-ny</subfield></datafield><datafield ind1="0" ind2=" " tag="130"><subfield code="a">Tarrytown daily news (Tarrytown, N.Y.)</subfield></datafield><datafield ind1="1" ind2="0" tag="245"><subfield code="a">Tarrytown daily news.</subfield></datafield><datafield ind1="1" ind2="7" tag="246"><subfield code="a">Daily news</subfield></datafield><datafield ind1=" " ind2=" " tag="260"><subfield code="a">Tarrytown, N.Y. :</subfield><subfield code="b">J.F. Van Tassel and Wallace Odell,</subfield><subfield code="c">1931.</subfield></datafield><datafield ind1=" " ind2=" " tag="300"><subfield code="a">v. ;</subfield><subfield code="c">56 cm.</subfield></datafield><datafield ind1=" " ind2=" " tag="310"><subfield code="a">Daily (except Sunday and holidays)</subfield></datafield><datafield ind1="1" ind2=" " tag="362"><subfield code="a">Began in 1912?</subfield></datafield><datafield ind1="0" ind2=" " tag="362"><subfield code="a">-35th year, no. 159 (Dec. 7, 1931).</subfield></datafield><datafield ind1=" " ind2=" " tag="530"><subfield code="a">Available on microfilm from Archival Microfilm at Warner Library, Tarrytown, N.Y. and New York State Archives.</subfield></datafield><datafield ind1=" " ind2=" " tag="580"><subfield code="a">Supplement: Mt. Pleasant Daily News.</subfield></datafield><datafield ind1=" " ind2=" " tag="588"><subfield code="a">Description based on: 17th year, no. 191 (Jan. 6, 1914).</subfield></datafield><datafield ind1=" " ind2="0" tag="651"><subfield code="a">Tarrytown (N.Y.)</subfield><subfield code="v">Newspapers.</subfield></datafield><datafield ind1=" " ind2="0" tag="651"><subfield code="a">Westchester County (N.Y.)</subfield><subfield code="v">Newspapers.</subfield></datafield><datafield ind1=" " ind2="7" tag="655"><subfield code="a">Newspapers.</subfield><subfield code="2">fast</subfield><subfield code="0">(OCoLC)fst01423814</subfield></datafield><datafield ind1=" " ind2="7" tag="651"><subfield code="a">New York (State)</subfield><subfield code="z">Tarrytown.</subfield><subfield code="2">fast</subfield><subfield code="0">(OCoLC)fst01205443</subfield></datafield><datafield ind1=" " ind2="7" tag="651"><subfield code="a">New York (State)</subfield><subfield code="z">Westchester County.</subfield><subfield code="2">fast</subfield><subfield code="0">(OCoLC)fst01202684</subfield></datafield><datafield ind1=" " ind2=" " tag="752"><subfield code="a">United States</subfield><subfield code="b">New York</subfield><subfield code="c">Westchester</subfield><subfield code="d">Tarrytown.</subfield></datafield><datafield ind1="0" ind2=" " tag="775"><subfield code="t">Mt. Pleasant daily news (North Tarrytown, N.Y.)</subfield><subfield code="w">(DLC)sn 92061855</subfield><subfield code="w">(OCoLC)26385930</subfield></datafield><datafield ind1="0" ind2=" " tag="776"><subfield code="t">Tarrytown daily news</subfield></datafield><datafield ind1="0" ind2="0" tag="780"><subfield code="t">Tarrytown news</subfield><subfield code="w">(DLC)sn 83031827</subfield><subfield code="w">(OCoLC)9988503</subfield></datafield><datafield ind1="0" ind2="0" tag="785"><subfield code="t">Daily news (Tarrytown, N.Y.)</subfield><subfield code="x">1060-457X</subfield><subfield code="w">(DLC)sn 91066436</subfield><subfield code="w">(OCoLC)23606025</subfield></datafield></record>